@misc{labview,
	title = {{LabVIEW} - {National} {Instruments}},
	url = {http://www.ni.com/en-us/shop/labview.html},
	urldate = {2017-11-11}
}

@misc{buylabview,
	title = {Buy {LabVIEW} - {National} {Instruments}},
	url = {http://www.ni.com/en-us/shop/labview/buy-labview.html},
	urldate = {2017-11-11}
}

@misc{max,
	title = {Max {Software} {Tools} for {Media} {\textbar} {Cycling} '74},
	url = {https://cycling74.com/products/max/},
	abstract = {Max connects objects with virtual patch cords to create interactive sounds, graphics, and custom effects.},
	urldate = {2017-11-11},
}

@misc{buymax,
	title = {Shop {\textbar} {Cycling} '74},
	url = {https://cycling74.com/shop},
	abstract = {Purchase Max, Mira, Cycles, M, and Merchandise},
	urldate = {2017-11-12},
}

@misc{plotly,
	title = {Visualize {Data}, {Together} â€¢ {Plotly}},
	url = {https://plot.ly},
	abstract = {Plotly is the modern platform for agile business intelligence and data science.},
	urldate = {2017-11-12},
	journal = {undefined},
}

@misc{adafruitio,
	title = {Adafruit {IO}},
	url = {https://io.adafruit.com},
	abstract = {Adafruit IO is the easiest way to get your projects onto the Internet of Things!},
	urldate = {2017-11-12},
}

@misc{thingsboard,
	title = {{ThingsBoard} - {Open}-source {IoT} {Platform}},
	url = {http://thingsboard.io/},
	abstract = {ThingsBoard is an open-source IoT platform for device management, data collection, processing and visualization for your IoT projects},
	urldate = {2017-11-12},
	journal = {thingsboard.github.io},
	author = {thingsboard},
}

@misc{ifttt,
	title = {{IFTTT}},
	url = {https://ifttt.com/about},
	abstract = {IFTTT empowers you to do more with the services you love. Learn how Applets make it possible, and about the hundreds of services we partner with.},
	urldate = {2017-11-13},
}

@misc{pushingbox,
	title = {{PushingBox} - {Notifications} for your {Internet} of {Things} devices},
	url = {https://www.pushingbox.com/},
	urldate = {2017-11-13}
}

@misc{TCP,
    author    = {Information Sciences Institute},
    title     = {TRANSMISSION CONTROL PROTOCOL},
    howpublished  = {\url{https://www.ietf.org/rfc/rfc793.txt}},
	note 	  = {Accessed: 11-10-2017},
    keywords  = {TCP}
}

@misc{WiFi101,
    author = {Arduino},
    title     = {WiFi101 library},
    howpublished  = {\url{https://www.arduino.cc/en/Reference/WiFi101}},
	note 	  = {Accessed: 11-10-2017},
    keywords  = {WiFi101}
}

@misc{UDP,
    author = {Network Sorcery, Inc.},
    title = {User Datagram Protocol},
    howpublished = {\url{http://www.networksorcery.com/enp/protocol/udp.htm}},
    note    = {Accessed: 11-10-2017},
    keywords = {UDP}
}


@misc{FTP,
    author = {Vangie Beal},
    title = {FTP - file transfer protocol},
    howpublished = {\url{https://www.webopedia.com/TERM/F/ftp.html}},
    note    = {Accessed: 11-20-2017},
    keywords = {FTP}

}

@misc{MQTT,
    author = {Raphael J Cohn},
    title = {MQTT - Version 3.1.1},
    howpublished = {\url{http://docs.oasis-open.org/mqtt/mqtt/v3.1.1/os/mqtt-v3.1.1-os.html}},
    note = {Accessed: 11-15-2017},
    keywords = {MQTT}
    
    }
    
@misc{OSC,
    author = {Matt Wright},
    title = {The Open Sound Control 1.0 Specification},
    howpublished = {\url{http://opensoundcontrol.org/spec-1_0}},
    note = {Accessed: 11-20-2017},
    keywords = {OSC}
    }
    
@misc{I2C,
    author = {SFUptownMaker},
    title = {I2C},
    howpublished={\url{https://learn.sparkfun.com/tutorials/i2c}},
    note = {Accessed: 11-20-2017},
    keywords = {I2C}
}

    
@misc{SPI,
    author = {Mike Grusin},
    title = {Serial Peripheral Interface (SPI)},
    howpublished={\url{https://learn.sparkfun.com/tutorials/serial-peripheral-interface-spi}},
    note = {Accessed: 11-20-2017},
    keywords = {SPI}
}

    
@misc{UART,
    author = {JIMB0},
    title = {Serial Communication - UARTs},
    howpublished={\url{https://learn.sparkfun.com/tutorials/serial-communication/uarts}},
    note = {Accessed: 11-20-2017},
    keywords = {UART}
}

@misc{WiFi,
    author    = {Bradley Mitchell},
    title     = {The Range of a Typical WiFi Network},
    howpublished  = {\url{https://www.lifewire.com/range-of-typical-wifi-network-816564}},
	note 	  = {Accessed: 11-06-2017},
    keywords  = {WiFi}
}

@misc{LoRa,
    title     = {What is LoRa?},
    howpublished  = {\url{http://www.semtech.com/wireless-rf/internet-of-things/what-is-lora/}},
	note 	  = {Accessed: 11-06-2017},
    keywords  = {LoRa}
}

